<record><leader>00000cas a22000007a 4500</leader><controlfield tag="001">11293416</controlfield><controlfield tag="008">841022d18811884nhuwr ne      0    0eng d</controlfield><datafield ind1=" " ind2=" " tag="010"><subfield code="a">sn 84024874 </subfield></datafield><datafield ind1=" " ind2=" " tag="040"><subfield code="a">NPV</subfield><subfield code="b">eng</subfield><subfield code="c">NPV</subfield><subfield code="d">NVH</subfield><subfield code="d">OCLCQ</subfield></datafield><datafield ind1=" " ind2=" " tag="042"><subfield code="a">msc</subfield></datafield><datafield ind1=" " ind2=" " tag="043"><subfield code="a">n-us-nh</subfield></datafield><datafield ind1="0" ind2="0" tag="245"><subfield code="a">Free press and journal.</subfield></datafield><datafield ind1=" " ind2=" " tag="260"><subfield code="a">Great Falls [Somersworth], N.H. :</subfield><subfield code="b">Edward O. Lord &amp; Co.</subfield></datafield><datafield ind1=" " ind2=" " tag="300"><subfield code="a">v.</subfield></datafield><datafield ind1=" " ind2=" " tag="310"><subfield code="a">Weekly</subfield></datafield><datafield ind1="0" ind2=" " tag="362"><subfield code="a">Vol. 6, no. 6 (Feb. 4, 1881)-v. 9, no. 52 (Dec. 19, 1884) = v. 15, no. 6-v. 18, no. 52.</subfield></datafield><datafield ind1=" " ind2=" " tag="752"><subfield code="a">United States</subfield><subfield code="b">New Hampshire</subfield><subfield code="c">Strafford</subfield><subfield code="d">Somersworth.</subfield></datafield><datafield ind1=" " ind2=" " tag="752"><subfield code="a">United States</subfield><subfield code="b">New Hampshire</subfield><subfield code="c">Strafford</subfield><subfield code="d">Great Falls.</subfield></datafield><datafield ind1="0" ind2="4" tag="780"><subfield code="t">Great Falls journal (Somersworth, N.H. : 1867)</subfield><subfield code="w">(DLC)sn 84023692</subfield></datafield><datafield ind1="0" ind2="4" tag="780"><subfield code="t">Great Falls free press (Somersworth, N.H. : 1879)</subfield><subfield code="w">(DLC)sn 84024873</subfield></datafield><datafield ind1="0" ind2="0" tag="785"><subfield code="t">Great Falls free press (Somersworth, N.H. : 1884)</subfield><subfield code="w">(DLC)sn 84024875</subfield></datafield></record>